@Misc{example,
  author = {Jean Martina and Rok Strni{\v s}a and Matej Urbas},
  title  = {{Cambridge Ph.D.~\LaTeX{} class file}},
  year   = 2008,
  month  = jul,
}


%%%%%%%%%%%%%%%%
% PHONEME INVENTORIES

@book{duanmu2007phonology,
  title={The phonology of standard Chinese},
  author={Duanmu, San},
  year={2007},
  publisher={Oxford University Press}
}

@book{lin2007sounds,
  title={The Sounds of Chinese},
  author={Lin, Yen-Hwei},
  year={2007},
  publisher={Cambridge University Press}
}

@book{phoible,
  address   = {Jena},
  editor    = {Steven Moran and Daniel McCloy},
  publisher = {Max Planck Institute for the Science of Human History},
  title     = {PHOIBLE 2.0},
  url       = {https://phoible.org/},
  year      = {2019}
}


%%%%%%%%%%%%%%%%
% TOOLS

@article{Bernard2021,
  doi = {10.21105/joss.03958},
  url = {https://doi.org/10.21105/joss.03958},
  year = {2021},
  publisher = {The Open Journal},
  volume = {6},
  number = {68},
  pages = {3958},
  author = {Mathieu Bernard and Hadrien Titeux},
  title = {Phonemizer: Text to Phones Transcription for Multiple Languages in Python},
  journal = {Journal of Open Source Software}
}

@software{Dunn2019,
    url = {https://github.com/espeak-ng/espeak-ng},
    publisher = {GitHub},
    year = {2022},
    title = {e{S}peak {NG} speech synthesizer. {I}n {G}it{H}ub respository ({V}ersion 1.51)},
    author = {R.H. Dunn and V. Vitolins}
}

@software{robert_forkel_2019_3549784,
  author       = {Robert Forkel and
                  Steven Moran and
                  Johann-Mattis List and
                  Simon J Greenhill and
                  Lucas Ashby and
                  Kyle Gorman and
                  Gereon Kaiping},
  title        = {cldf/segments: Unicode Standard tokenization},
  month        = nov,
  year         = 2019,
  publisher    = {Zenodo},
  version      = {v2.1.3},
  doi          = {10.5281/zenodo.3549784},
  url          = {https://doi.org/10.5281/zenodo.3549784}
}

@InProceedings{Mortensen-et-al:2018,
  author = {Mortensen, David R.  and Dalmia, Siddharth and Littell, Patrick},
  title = {Epitran: Precision {G2P} for Many Languages},
  booktitle = {Proceedings of the Eleventh International Conference on Language Resources and Evaluation (LREC 2018)},
  year = {2018},
  month = {May},
  date = {7--12},
  location = {Miyazaki, Japan},
  editor = {Nicoletta Calzolari (Conference chair) and Khalid Choukri and Christopher Cieri and Thierry Declerck and Sara Goggi and Koiti Hasida and Hitoshi Isahara and Bente Maegaard and Joseph Mariani and H\'el\`ene Mazo and Asuncion Moreno and Jan Odijk and Stelios Piperidis and Takenobu Tokunaga},
  publisher = {European Language Resources Association (ELRA)},
  address = {Paris, France},
  isbn = {979-10-95546-00-9},
  language = {english}
  }

@inproceedings{black2001flite,
  title={Flite: a small fast run-time synthesis engine},
  author={Black, Alan W and Lenzo, Kevin A},
  booktitle={4th ISCA Tutorial and Research Workshop (ITRW) on Speech Synthesis},
  year={2001}
}

@software{taubert_2024_pinyin-to-ipa_2024,
    author = {Taubert, Stefan},
    doi = {10.5281/zenodo.10639971},
    license = {MIT},
    month = feb,
    title = {{pinyin-to-ipa}},
    url = {https://github.com/stefantaubert/pinyin-to-ipa},
    version = {0.0.2},
    year = {2024}
}